@article{paul2011you,
  title={You are what you Tweet: Analyzing Twitter for public health.},
  author={Paul, Michael J and Dredze, Mark},
  journal={Icwsm},
  volume={20},
  pages={265--272},
  year={2011}
}
@inproceedings{zaharia2012resilient,
  title={Resilient distributed datasets: A fault-tolerant abstraction for in-memory cluster computing},
  author={Zaharia, Matei and Chowdhury, Mosharaf and Das, Tathagata and Dave, Ankur and Ma, Justin and McCauley, Murphy and Franklin, Michael J and Shenker, Scott and Stoica, Ion},
  booktitle={Proceedings of the 9th USENIX conference on Networked Systems Design and Implementation},
  pages={2--2},
  year={2012},
  organization={USENIX Association}
}

@article{eichstaedt2015psychological,
  title={Psychological language on Twitter predicts county-level heart disease mortality},
  author={Eichstaedt, Johannes C and Schwartz, Hansen Andrew and Kern, Margaret L and Park, Gregory and Labarthe, Darwin R and Merchant, Raina M and Jha, Sneha and Agrawal, Megha and Dziurzynski, Lukasz A and Sap, Maarten and others},
  journal={Psychological science},
  volume={26},
  number={2},
  pages={159--169},
  year={2015},
  publisher={Sage Publications Sage CA: Los Angeles, CA}
}

@article{sloan2013knowing,
  title={Knowing the tweeters: Deriving sociologically relevant demographics from Twitter},
  author={Sloan, Luke and Morgan, Jeffrey and Housley, William and Williams, Matthew and Edwards, Adam and Burnap, Pete and Rana, Omer},
  journal={Sociological research online},
  volume={18},
  number={3},
  pages={1--11},
  year={2013},
  publisher={SAGE Publications Sage UK: London, England}
}

@article{barros2018disease,
  title={Disease mentions in airport and hospital geolocations expose dominance of news events for disease concerns},
  author={Barros, Joana M and Duggan, Jim and Rebholz-Schuhmann, Dietrich},
  journal={Journal of biomedical semantics},
  volume={9},
  number={1},
  pages={18},
  year={2018},
  publisher={BioMed Central}
}

@article{mueller2018crowdbreaks,
  title={Crowdbreaks: Tracking Health Trends using Public Social Media Data and Crowdsourcing},
  author={Mueller, Martin and Salath{\'e}, Marcel},
  journal={arXiv preprint arXiv:1805.05491},
  year={2018}
}

@article{karami2018characterizing,
  title={Characterizing diabetes, diet, exercise, and obesity comments on Twitter},
  author={Karami, Amir and Dahl, Alicia A and Turner-McGrievy, Gabrielle and Kharrazi, Hadi and Shaw, George},
  journal={International Journal of Information Management},
  volume={38},
  number={1},
  pages={1--6},
  year={2018},
  publisher={Elsevier}
}

@article{signorini2011use,
  title={The use of Twitter to track levels of disease activity and public concern in the US during the influenza A H1N1 pandemic},
  author={Signorini, Alessio and Segre, Alberto Maria and Polgreen, Philip M},
  journal={PloS one},
  volume={6},
  number={5},
  pages={e19467},
  year={2011},
  publisher={Public Library of Science}
}

@article{nguyen2017social,
  title={Social media indicators of the food environment and state health outcomes},
  author={Nguyen, QC and Meng, H and Li, D and Kath, S and McCullough, M and Paul, D and Kanokvimankul, P and Nguyen, TX and Li, F},
  journal={Public health},
  volume={148},
  pages={120--128},
  year={2017},
  publisher={Elsevier}
}

@inproceedings{compton2014geotagging,
  title={Geotagging one hundred million twitter accounts with total variation minimization},
  author={Compton, Ryan and Jurgens, David and Allen, David},
  booktitle={Big Data (Big Data), 2014 IEEE International Conference on},
  pages={393--401},
  year={2014},
  organization={IEEE}
}

@article{pang2008opinion,
  title={Opinion mining and sentiment analysis},
  author={Pang, Bo and Lee, Lillian and others},
  journal={Foundations and Trends{\textregistered} in Information Retrieval},
  volume={2},
  number={1--2},
  pages={1--135},
  year={2008},
  publisher={Now Publishers, Inc.}
}

@inproceedings{joachims1998text,
  title={Text categorization with support vector machines: Learning with many relevant features},
  author={Joachims, Thorsten},
  booktitle={European conference on machine learning},
  pages={137--142},
  year={1998},
  organization={Springer}
}

@article{taboada2011lexicon,
  title={Lexicon-based methods for sentiment analysis},
  author={Taboada, Maite and Brooke, Julian and Tofiloski, Milan and Voll, Kimberly and Stede, Manfred},
  journal={Computational linguistics},
  volume={37},
  number={2},
  pages={267--307},
  year={2011},
  publisher={MIT Press}
}
@article{duric2012feature,
  title={Feature selection for sentiment analysis based on content and syntax models},
  author={Duric, Adnan and Song, Fei},
  journal={Decision support systems},
  volume={53},
  number={4},
  pages={704--711},
  year={2012},
  publisher={Elsevier}
}
@article{kouloumpis2011twitter,
  title={Twitter sentiment analysis: The good the bad and the omg!},
  author={Kouloumpis, Efthymios and Wilson, Theresa and Moore, Johanna D},
  journal={Icwsm},
  volume={11},
  number={538-541},
  pages={164},
  year={2011}
}

@inproceedings{dos2014deep,
  title={Deep convolutional neural networks for sentiment analysis of short texts},
  author={dos Santos, Cicero and Gatti, Maira},
  booktitle={Proceedings of COLING 2014, the 25th International Conference on Computational Linguistics: Technical Papers},
  pages={69--78},
  year={2014}
}

@inproceedings{tang2015document,
  title={Document modeling with gated recurrent neural network for sentiment classification},
  author={Tang, Duyu and Qin, Bing and Liu, Ting},
  booktitle={Proceedings of the 2015 conference on empirical methods in natural language processing},
  pages={1422--1432},
  year={2015}
}

@article{blei2003latent,
  title={Latent dirichlet allocation},
  author={Blei, David M and Ng, Andrew Y and Jordan, Michael I},
  journal={Journal of machine Learning research},
  volume={3},
  number={Jan},
  pages={993--1022},
  year={2003}
}

@inproceedings{hofmann1999probabilistic,
  title={Probabilistic latent semantic analysis},
  author={Hofmann, Thomas},
  booktitle={Proceedings of the Fifteenth conference on Uncertainty in artificial intelligence},
  pages={289--296},
  year={1999},
  organization={Morgan Kaufmann Publishers Inc.}
}

@article{el2014scalable,
  title={Scalable topical phrase mining from text corpora},
  author={El-Kishky, Ahmed and Song, Yanglei and Wang, Chi and Voss, Clare R and Han, Jiawei},
  journal={Proceedings of the VLDB Endowment},
  volume={8},
  number={3},
  pages={305--316},
  year={2014},
  publisher={VLDB Endowment}
}

@inproceedings{paul2017compass,
  title={Compass: Spatio Temporal Sentiment Analysis of US Election What Twitter Says!},
  author={Paul, Debjyoti and Li, Feifei and Teja, Murali Krishna and Yu, Xin and Frost, Richie},
  booktitle={Proceedings of the 23rd ACM SIGKDD International Conference on Knowledge Discovery and Data Mining},
  pages={1585--1594},
  year={2017},
  organization={ACM}
}

@article{paul2012model,
  title={A model for mining public health topics from Twitter},
  author={Paul, Michael J and Dredze, Mark},
  journal={Health},
  volume={11},
  pages={16--6},
  year={2012}
}

@article{advice1911syracuse,
  title={Syracuse Post Standard},
  author={Advice, Speakers Give Sound},
  journal={Retrieved from Syracuse Post Standard Newspaper from March},
  volume={28},
  year={1911}
}

@misc{tweets_images,
  author = "Thenextweb",
  title = "Next Web",
  year = "2018",
  url = "\href{https://thenextweb.com/socialmedia/2015/11/03/what-analyzing-1-million-tweets-taught-us/}{https://thenextweb.com/socialmedia/2015/11/03/what-analyzing-1-million-tweets-taught-us/}",
  note = "\href{https://thenextweb.com/socialmedia/2015/11/03/what-analyzing-1-million-tweets-taught-us/}{https://thenextweb.com/socialmedia/2015/11/03/what-analyzing-1-million-tweets-taught-us/},[Online; accessed 27-Nov-2018]"
}

@inproceedings{girshick2014rich,
  title={Rich feature hierarchies for accurate object detection and semantic segmentation},
  author={Girshick, Ross and Donahue, Jeff and Darrell, Trevor and Malik, Jitendra},
  booktitle={Proceedings of the IEEE conference on computer vision and pattern recognition},
  pages={580--587},
  year={2014}
}

@article{mao2014deep,
  title={Deep captioning with multimodal recurrent neural networks (m-rnn)},
  author={Mao, Junhua and Xu, Wei and Yang, Yi and Wang, Jiang and Huang, Zhiheng and Yuille, Alan},
  journal={arXiv preprint arXiv:1412.6632},
  year={2014}
}

@inproceedings{christensen2015storm,
  title={STORM: Spatio-temporal online reasoning and management of large spatio-temporal data},
  author={Christensen, Robert and Wang, Lu and Li, Feifei and Yi, Ke and Tang, Jun and Villa, Natalee},
  booktitle={Proceedings of the 2015 ACM SIGMOD International Conference on Management of Data},
  pages={1111--1116},
  year={2015},
  organization={ACM}
}

@article{li2017wander,
  title={Wander Join and XDB: Online Aggregation via Random Walks},
  author={Li, Feifei and Wu, Bin and Yi, Ke and Zhao, Zhuoyue},
  journal={ACM SIGMOD Record},
  volume={46},
  number={1},
  pages={33--40},
  year={2017},
  publisher={ACM}
}

@inproceedings{xie2016simba,
  title={Simba: Spatial in-memory big data analysis},
  author={Xie, Dong and Li, Feifei and Yao, Bin and Li, Gefei and Chen, Zhongpu and Zhou, Liang and Guo, Minyi},
  booktitle={Proceedings of the 24th ACM SIGSPATIAL International Conference on Advances in Geographic Information Systems},
  pages={86},
  year={2016},
  organization={ACM}
}

@article{townsend2016social,
  title={Social media research: A guide to ethics},
  author={Townsend, Leanne and Wallace, Claire},
  journal={University of Aberdeen},
  pages={1--16},
  year={2016}
}
