@article{el2014scalable,
  title={Scalable topical phrase mining from text corpora},
  author={El-Kishky, Ahmed and Song, Yanglei and Wang, Chi and Voss, Clare R and Han, Jiawei},
  journal={PVLDB},
  volume={8},
  number={3},
  pages={305--316},
  year={2014},
  publisher={VLDB Endowment}
}

@inproceedings{wei2015persistent,
  title={Persistent Data Sketching},
  author={Wei, Zhewei and Luo, Ge and Yi, Ke and Du, Xiaoyong and Wen, Ji-Rong},
  booktitle={SIGMOD},
  pages={795--810},
  year={2015}
}

@article{zhou2014event,
  title={Event detection over twitter social media streams},
  author={Zhou, Xiangmin and Chen, Lei},
  journal={The VLDB journal},
  volume={23},
  number={3},
  pages={381--400},
  year={2014},
  publisher={Springer}
}

@inproceedings{feng2015streamcube,
  title={STREAMCUBE: hierarchical spatio-temporal hashtag clustering for event exploration over the twitter stream},
  author={Feng, Wei and Zhang, Chao and Zhang, Wei and Han, Jiawei and Wang, Jianyong and Aggarwal, Charu and Huang, Jianbin},
  booktitle={ICDE},
  pages={1561--1572},
  year={2015}
}

@inproceedings{li2012twevent,
  title={Twevent: segment-based event detection from tweets},
  author={Li, Chenliang and Sun, Aixin and Datta, Anwitaman},
  booktitle={CIKM},
  pages={155--164},
  year={2012}
}

@inproceedings{xing2016hashtag,
  title={Hashtag-Based Sub-Event Discovery Using Mutually Generative LDA in Twitter.},
  author={Xing, Chen and Wang, Yuan and Liu, Jie and Huang, Yalou and Ma, Wei-Ying},
  booktitle={AAAI},
  year={2016}
}

@inproceedings{zhang2017triovecevent,
  title={Triovecevent: Embedding-based online local event detection in geo-tagged tweet streams},
  author={Zhang, Chao and Liu, Liyuan and Lei, Dongming and Yuan, Quan and Zhuang, Honglei and Hanratty, Tim and Han, Jiawei},
  booktitle={SIGKDD},
  pages={595--604},
  year={2017}
}

@inproceedings{zhang2016geoburst,
  title={Geoburst: Real-time local event detection in geo-tagged tweet streams},
  author={Zhang, Chao and Zhou, Guangyu and Yuan, Quan and Zhuang, Honglei and Zheng, Yu and Kaplan, Lance and Wang, Shaowen and Han, Jiawei},
  booktitle={SIGIR},
  year={2016}
}

@inproceedings{aggarwal2012event,
  title={Event detection in social streams},
  author={Aggarwal, Charu C and Subbian, Karthik},
  booktitle={SDM},
  year={2012}
}

@inproceedings{fu2016improving,
  title={Improving Distributed Word Representation and Topic Model by Word-Topic Mixture Model},
  author={Fu, Xianghua and Wang, Ting and Li, Jing and Yu, Chong and Liu, Wangwang},
  booktitle={ACML},
  year={2016}
}

@inproceedings{liu2015topical,
  title={Topical Word Embeddings.},
  author={Liu, Yang and Liu, Zhiyuan and Chua, Tat-Seng and Sun, Maosong},
  booktitle={AAAI},
  year={2015}
}

@inproceedings{li2016tweetsift,
  title={TweetSift: Tweet Topic Classification Based on Entity Knowledge Base and Topic Enhanced Word Embedding},
  author={Li, Quanzhi and Shah, Sameena and Liu, Xiaomo and Nourbakhsh, Armineh and Fang, Rui},
  booktitle={CIKM},
  pages={2429--2432},
  year={2016}
}

@inproceedings{fung2005parameter,
title={Parameter free bursty events detection in text streams},
author={Fung, Gabriel Pui Cheong and Yu, Jeffrey Xu and Yu, Philip S and Lu, Hongjun},
booktitle={VLDB},
pages={181--192},
year={2005}
}

@inproceedings{he2007bursty,
  title={Bursty feature representation for clustering text streams},
  author={He, Qi and Chang, Kuiyu and Lim, Ee-Peng and Zhang, Jun},
  booktitle={SDM},
  pages={491--496},
  year={2007},
}

@inproceedings{gupta2012evaluating,
  title={Evaluating event credibility on twitter},
  author={Gupta, Manish and Zhao, Peixiang and Han, Jiawei},
  booktitle={SDM},
  pages={153--164},
  year={2012}
}

@article{gardner2006exponential,
  title={Exponential smoothing: The state of the artâ€”Part II},
  author={Gardner, Everette S},
  journal={International journal of forecasting},
  volume={22},
  number={4},
  pages={637--666},
  year={2006},
  publisher={Elsevier}
}

@article{kleinberg2003bursty,
  title={Bursty and hierarchical structure in streams},
  author={Kleinberg, Jon},
  journal={DMKD},
  volume={7},
  number={4},
  year={2003}
}



@misc{wiki:grb,
   author = "Wikipedia",
   title = "Swift Gamma-Ray Burst Mission Wikipedia{,} The Free Encyclopedia",
   year = "2016",
   url = "\url{https://en.wikipedia.org/wiki/Swift\_Gamma-Ray\_Burst\_Mission\#Notable\_detections}",
   note = "[Online; accessed 15-July-2016]"
 }

@misc{tweet_stats,
   author = "Internet Live Stats",
   title = "Twitter Statistics, \url{http://www.internetlivestats.com/twitter-statistics/}",
   year = "2018",
   url = "\url{http://www.internetlivestats.com/twitter-statistics/}",
   note = "[Online; accessed 08-Feb-2018]"
 }


@misc{internet_stats,
   title = "Internet 60 seconds, \url{https://www.smartinsights.com/internet-marketing-statistics/happens-online-60-seconds/attachment/what-happens-online-in-60-seconds/}",
   year = "2018",
   url = "\url{https://www.smartinsights.com/internet-marketing-statistics/happens-online-60-seconds/attachment/what-happens-online-in-60-seconds/}",
   note = "[Online; accessed 08-Feb-2018]"
 }


@misc{instagram_stats,
   author = "Techcrunch",
   title = "Instagram Statistics, \url{https://techcrunch.com/2017/09/25/instagram-now-has-800-million-monthly-and-500-million-daily-active-users/}",
   year = "2018",
   url = "\url{https://techcrunch.com/2017/09/25/instagram-now-has-800-million-monthly-and-500-million-daily-active-users/}",
   note = "[Online; accessed 08-Feb-2018]"
 }


@inproceedings{Zhu:2003,
 author = {Zhu, Yunyue and Shasha, Dennis},
 title = {Efficient Elastic Burst Detection in Data Streams},
 booktitle = {KDD},
 year = {2003}
} 

@article{lu2012trend,
  title={Trend analysis of news topics on twitter},
  author={Lu, Rong and Yang, Qing},
  journal={IJMLC},
  volume={2},
  number={3},
  year={2012}
}

@inproceedings{alsumait2008line,
  title={On-line lda: Adaptive topic models for mining text streams with applications to topic detection and tracking},
  author={AlSumait, Loulwah and Barbar{\'a}, Daniel and Domeniconi, Carlotta},
  booktitle={ICDE},
  pages={3--12},
  year={2008}
}

@inproceedings{cataldi2010emerging,
  title={Emerging topic detection on twitter based on temporal and social terms evaluation},
  author={Cataldi, Mario and Di Caro, Luigi and Schifanella, Claudio},
  booktitle={MDM},
  year={2010}
}


@article{bakkum2014parameters,
  title={Parameters for burst detection},
  author={Bakkum, Douglas J and Radivojevic, Milos and Frey, Urs and Franke, Felix and Hierlemann, Andreas and Takahashi, Hirokazu},
  journal={Frontiers in computational neuroscience},
  volume={7},
  pages={193},
  year={2014},
  publisher={Frontiers}
}

@inproceedings{xie2013topicsketch,
  title={Topicsketch: Real-time bursty topic detection from twitter},
  author={Xie, Wei and Zhu, Feida and Jiang, Jing and Lim, Ee-Peng and Wang, Ke},
  booktitle={ICDE},
  pages={837--846},
  year={2013}
}

@inproceedings{Shamma:2011:PPM:1958824.1958878,
 author = {Shamma, David A. and Kennedy, Lyndon and Churchill, Elizabeth F.},
 title = {Peaks and Persistence: Modeling the Shape of Microblog Conversations},
 booktitle = {CSCW},
 year = {2011}
} 


@article{Guille2013,
 author = {Guille, Adrien and Hacid, Hakim and Favre, Cecile and Zighed, Djamel A.},
 title = {Information Diffusion in Online Social Networks: A Survey},
 journal = {SIGMOD Rec.},
 issue_date = {May 2013},
 volume = {42},
 number = {2},
 month = jul,
 year = {2013},
 issn = {0163-5808},
 pages = {17--28},
 numpages = {12},
 url = {http://doi.acm.org/10.1145/2503792.2503797},
 doi = {10.1145/2503792.2503797},
 acmid = {2503797},
 publisher = {ACM},
 address = {New York, NY, USA},
} 

@article{barabasi2005origin,
  title={The origin of bursts and heavy tails in human dynamics},
  author={Barabasi, Albert-Laszlo},
  journal={Nature},
  volume={435},
  number={7039},
  pages={207--211},
  year={2005},
  publisher={Nature Publishing Group}
}

@misc{ wiki:tvn,
   author = "Wikipedia",
   title = "Time-varying network --- Wikipedia{,} The Free Encyclopedia",
   year = "2016",
   url = "https://en.wikipedia.org/w/index.php?title=Time-varying\_network\&oldid=729578972",
   note = "[Online; accessed 13-July-2016]"
 }

@inproceedings{Bonald,
 author = {Bonald, Thomas},
 title = {The Erlang Model with Non-poisson Call Arrivals},
 booktitle = {Proceedings of the Joint International Conference on Measurement and Modeling of Computer Systems},
 series = {SIGMETRICS '06/Performance '06},
 year = {2006},
 isbn = {1-59593-319-0},
 location = {Saint Malo, France},
 pages = {276--286},
 numpages = {11},
 url = {http://doi.acm.org/10.1145/1140277.1140309},
 doi = {10.1145/1140277.1140309},
 acmid = {1140309},
 publisher = {ACM},
 address = {New York, NY, USA},
 keywords = {Erlang formula, insensitivity, loss networks},
} 
@INPROCEEDINGS{topicsketch, 
author={W. Xie and F. Zhu and J. Jiang and E. P. Lim and K. Wang}, 
booktitle={2013 IEEE 13th International Conference on Data Mining}, 
title={TopicSketch: Real-Time Bursty Topic Detection from Twitter}, 
year={2013}, 
pages={837-846}, 
keywords={information analysis;social networking (online);TopicSketch;Twitter;real-time bursty topic detection;sketch-based topic model;topic analysis;topic modeling;tweet stream;Acceleration;Equations;Monitoring;Optimization;Real-time systems;Surges;Twitter;TopicSketch;bursty topic;realtime;tweet stream}, 
doi={10.1109/ICDM.2013.86}, 
ISSN={1550-4786}, 
month={Dec},}






@ARTICLE{bowman:reasoning,
	AUTHOR = "Mic Bowman and Saumya K. Debray and Larry L. Peterson",
	TITLE = "Reasoning About Naming Systems",
	JOURNAL = "ACM Trans. Program. Lang. Syst.",
	VOLUME = {15},
	NUMBER = {5},
	PAGES = {795-825},
	MONTH = "November",
	YEAR = {1993}	}

@article{ORourke81,
  author    = {Joseph O'Rourke},
  title     = {An On-Line Algorithm for Fitting Straight Lines Between Data Ranges},
  journal   = {Commun. {ACM}},
  volume    = {24},
  number    = {9},
  pages     = {574--578},
  year      = {1981}
}



@article{DBLP:journals/ftdb/CormodeGHJ12,
  author    = {Graham Cormode and
               Minos N. Garofalakis and
               Peter J. Haas and
               Chris Jermaine},
  title     = {Synopses for Massive Data: Samples, Histograms, Wavelets, Sketches},
  journal   = {Foundations and Trends in Databases},
  volume    = {4},
  number    = {1-3},
  pages     = {1--294},
  year      = {2012}
}


@inproceedings{peng2018persistent,
  title={Persistent Bloom Filter: Membership Testing for the Entire
                  History},
  author={Yanqing Peng and Jingwei Guo and Feifei Li and Weining Qian and Aoying Zhou},
  booktitle={SIGMOD},
  year={2018}
}


@article{DBLP:journals/jmlr/BleiNJ03,
  author    = {David M. Blei and
               Andrew Y. Ng and
               Michael I. Jordan},
  title     = {Latent Dirichlet Allocation},
  journal   = {Journal of Machine Learning Research},
  volume    = {3},
  pages     = {993--1022},
  year      = {2003}
}

@article{cormode2005improved,
  title={An improved data stream summary: the count-min sketch and its applications},
  author={Cormode, Graham and Muthukrishnan, S},
  journal={Journal of Algorithms},
  volume={55},
  number={1},
  pages={58--75},
  year={2005},
  publisher={Elsevier}
}

@inproceedings{DBLP:conf/kdd/SchubertWK14,
  author    = {Erich Schubert and
               Michael Weiler and
               Hans{-}Peter Kriegel},
  title     = {SigniTrend: scalable detection of emerging topics in textual streams
               by hashed significance thresholds},
  booktitle = {{KDD}},
  year      = {2014}
}

@article{DBLP:journals/jcss/AlonMS99,
  author    = {Noga Alon and
               Yossi Matias and
               Mario Szegedy},
  title     = {The Space Complexity of Approximating the Frequency Moments},
  journal   = {J. Cmoput. Syst. Sci.},
  volume    = {58},
  number    = {1},
  pages     = {137--147},
  year      = {1999}
}