@article{sutton1984temporal,
  title={Temporal credit assignment in reinforcement learning},
  author={Sutton, Richard Stuart},
  year={1984}
}


@article{bellman1957dynamic,
  title={Dynamic programming},
  author={Bellman, RICHARD},
  journal={Princeton, USA: Princeton University Press},
  volume={1},
  number={2},
  pages={3},
  year={1957}
}

@article{barto1983neuronlike,
  title={Neuronlike adaptive elements that can solve difficult learning control problems},
  author={Barto, Andrew G and Sutton, Richard S and Anderson, Charles W},
  journal={IEEE transactions on systems, man, and cybernetics},
  number={5},
  pages={834--846},
  year={1983},
  publisher={IEEE}
}

@book{sutton1998introduction,
  title={Introduction to reinforcement learning},
  author={Sutton, Richard S and Barto, Andrew G},
  volume={135},
  year={1998},
  publisher={MIT press Cambridge}
}

@article{wierstra2010recurrent,
  title={Recurrent policy gradients},
  author={Wierstra, Daan and F{\"o}rster, Alexander and Peters, Jan and Schmidhuber, J{\"u}rgen},
  journal={Logic Journal of the IGPL},
  volume={18},
  number={5},
  pages={620--634},
  year={2010},
  publisher={Oxford University Press}
}

@article{hausknecht2015deep,
  title={Deep recurrent q-learning for partially observable mdps},
  author={Hausknecht, Matthew and Stone, Peter},
  journal={CoRR, abs/1507.06527},
  volume={7},
  number={1},
  year={2015}
}
@article{heess2015memory,
  title={Memory-based control with recurrent neural networks},
  author={Heess, Nicolas and Hunt, Jonathan J and Lillicrap, Timothy P and Silver, David},
  journal={arXiv preprint arXiv:1512.04455},
  year={2015}
}


@article{deisenroth2013survey,
  title={A survey on policy search for robotics},
  author={Deisenroth, Marc Peter and Neumann, Gerhard and Peters, Jan and others},
  journal={Foundations and Trends{\textregistered} in Robotics},
  volume={2},
  number={1--2},
  pages={1--142},
  year={2013},
  publisher={Now Publishers, Inc.}
}

@inproceedings{gomez2005evolving,
  title={Evolving modular fast-weight networks for control},
  author={Gomez, Faustino and Schmidhuber, J{\"u}rgen},
  booktitle={International Conference on Artificial Neural Networks},
  pages={383--389},
  year={2005},
  organization={Springer}
}

@inproceedings{cuccu2011intrinsically,
  title={Intrinsically motivated neuroevolution for vision-based reinforcement learning},
  author={Cuccu, Giuseppe and Luciw, Matthew and Schmidhuber, J{\"u}rgen and Gomez, Faustino},
  booktitle={Development and Learning (ICDL), 2011 IEEE International Conference on},
  volume={2},
  pages={1--7},
  year={2011},
  organization={IEEE}
}

@inproceedings{koutnik2013evolving,
  title={Evolving large-scale neural networks for vision-based reinforcement learning},
  author={Koutn{\'\i}k, Jan and Cuccu, Giuseppe and Schmidhuber, J{\"u}rgen and Gomez, Faustino},
  booktitle={Proceedings of the 15th annual conference on Genetic and evolutionary computation},
  pages={1061--1068},
  year={2013},
  organization={ACM}
}

@article{williams1992simple,
  title={Simple statistical gradient-following algorithms for connectionist reinforcement learning},
  author={Williams, Ronald J},
  journal={Machine learning},
  volume={8},
  number={3-4},
  pages={229--256},
  year={1992},
  publisher={Springer}
}
@article{lillicrap2015continuous,
  title={Continuous control with deep reinforcement learning},
  author={Lillicrap, Timothy P and Hunt, Jonathan J and Pritzel, Alexander and Heess, Nicolas and Erez, Tom and Tassa, Yuval and Silver, David and Wierstra, Daan},
  journal={arXiv preprint arXiv:1509.02971},
  year={2015}
}

@inproceedings{heess2015learning,
  title={Learning continuous control policies by stochastic value gradients},
  author={Heess, Nicolas and Wayne, Gregory and Silver, David and Lillicrap, Tim and Erez, Tom and Tassa, Yuval},
  booktitle={Advances in Neural Information Processing Systems},
  pages={2944--2952},
  year={2015}
}
@article{arulkumaran2017brief,
  title={A brief survey of deep reinforcement learning},
  author={Arulkumaran, Kai and Deisenroth, Marc Peter and Brundage, Miles and Bharath, Anil Anthony},
  journal={arXiv preprint arXiv:1708.05866},
  year={2017}
}

@article{bertsekas2005dynamic,
  title={Dynamic programming and suboptimal control: A survey from ADP to MPC},
  author={Bertsekas, Dimitri P},
  journal={European Journal of Control},
  volume={11},
  number={4-5},
  pages={310--334},
  year={2005},
  publisher={Elsevier}
}

@inproceedings{oh2015action,
  title={Action-conditional video prediction using deep networks in atari games},
  author={Oh, Junhyuk and Guo, Xiaoxiao and Lee, Honglak and Lewis, Richard L and Singh, Satinder},
  booktitle={Advances in neural information processing systems},
  pages={2863--2871},
  year={2015}
}

@inproceedings{finn2016deep,
  title={Deep spatial autoencoders for visuomotor learning},
  author={Finn, Chelsea and Tan, Xin Yu and Duan, Yan and Darrell, Trevor and Levine, Sergey and Abbeel, Pieter},
  booktitle={2016 IEEE International Conference on Robotics and Automation (ICRA)},
  pages={512--519},
  year={2016},
  organization={IEEE}
}

@inproceedings{gu2016continuous,
  title={Continuous deep q-learning with model-based acceleration},
  author={Gu, Shixiang and Lillicrap, Timothy and Sutskever, Ilya and Levine, Sergey},
  booktitle={International Conference on Machine Learning},
  pages={2829--2838},
  year={2016}
}

@article{bengio2013representation,
  title={Representation learning: A review and new perspectives},
  author={Bengio, Yoshua and Courville, Aaron and Vincent, Pascal},
  journal={IEEE transactions on pattern analysis and machine intelligence},
  volume={35},
  number={8},
  pages={1798--1828},
  year={2013},
  publisher={IEEE}
}

@inproceedings{schulman2015gradient,
  title={Gradient estimation using stochastic computation graphs},
  author={Schulman, John and Heess, Nicolas and Weber, Theophane and Abbeel, Pieter},
  booktitle={Advances in Neural Information Processing Systems},
  pages={3528--3536},
  year={2015}
}
@techreport{rumelhart1985learning,
  title={Learning internal representations by error propagation},
  author={Rumelhart, David E and Hinton, Geoffrey E and Williams, Ronald J},
  year={1985},
  institution={California Univ San Diego La Jolla Inst for Cognitive Science}
}
@article{mnih2015human,
  title={Human-level control through deep reinforcement learning},
  author={Mnih, Volodymyr and Kavukcuoglu, Koray and Silver, David and Rusu, Andrei A and Veness, Joel and Bellemare, Marc G and Graves, Alex and Riedmiller, Martin and Fidjeland, Andreas K and Ostrovski, Georg and others},
  journal={Nature},
  volume={518},
  number={7540},
  pages={529},
  year={2015},
  publisher={Nature Publishing Group}
}

@article{icarte2018teaching,
  title={Teaching Multiple Tasks to an RL Agent using LTL},
  author={Icarte, Rodrigo Toro and Klassen, Toryn Q and Valenzano, Richard and McIlraith, Sheila A},
  year={2018}
}
